#Habla acerca de cuantificadores de interés para esta investigación
@article{Atas_2013, title={Distribution of the Ratio of Consecutive Level Spacings in Random Matrix Ensembles}, volume={110}, ISSN={1079-7114}, url={http://dx.doi.org/10.1103/PhysRevLett.110.084101}, DOI={10.1103/physrevlett.110.084101}, number={8}, journal={Physical Review Letters}, publisher={American Physical Society (APS)}, author={Atas, Y. Y. and Bogomolny, E. and Giraud, O. and Roux, G.}, year={2013}, month=feb }

#Paper legendario
@article{Bohigas_1984, title={Characterization of Chaotic Quantum Spectra and Universality of Level Fluctuation Laws}, volume={52}, ISSN={0031-9007}, url={http://dx.doi.org/10.1103/PhysRevLett.52.1}, DOI={10.1103/physrevlett.52.1}, number={1}, journal={Physical Review Letters}, publisher={American Physical Society (APS)}, author={Bohigas, O. and Giannoni, M. J. and Schmit, C.}, year={1984}, month=jan, pages={1–4} }

#Habla sobre el modelo de BH
@article{Zhang2010,
  title = {Exact diagonalization: the Bose-Hubbard model as an example},
  volume = {31},
  ISSN = {1361-6404},
  url = {http://dx.doi.org/10.1088/0143-0807/31/3/016},
  DOI = {10.1088/0143-0807/31/3/016},
  number = {3},
  journal = {European Journal of Physics},
  publisher = {IOP Publishing},
  author = {Zhang,  J M and Dong,  R X},
  year = {2010},
  month = apr,
  pages = {591-602}
}

#Contiene un poco de todo
@article{Tekur2020,
  title = {Symmetry deduction from spectral fluctuations in complex quantum systems},
  volume = {2},
  ISSN = {2643-1564},
  url = {http://dx.doi.org/10.1103/PhysRevResearch.2.032063},
  DOI = {10.1103/physrevresearch.2.032063},
  number = {3},
  journal = {Physical Review Research},
  publisher = {American Physical Society (APS)},
  author = {Tekur,  S. Harshini and Santhanam,  M. S.},
  year = {2020},
  month = sep 
}

@article{Pausch2022,
  title = {Optimal route to quantum chaos in the Bose–Hubbard model},
  volume = {55},
  ISSN = {1751-8121},
  url = {http://dx.doi.org/10.1088/1751-8121/ac7e0b},
  DOI = {10.1088/1751-8121/ac7e0b},
  number = {32},
  journal = {Journal of Physics A: Mathematical and Theoretical},
  publisher = {IOP Publishing},
  author = {Pausch,  Lukas and Buchleitner,  Andreas and Carnio,  Edoardo G and Rodríguez,  Alberto},
  year = {2022},
  month = jul,
  pages = {324002}
}

@article{Wigner1955,
  author    = {Eugene P. Wigner},
  title     = {Characteristic Vectors of Bordered Matrices with Infinite Dimensions},
  journal   = {Annals of Mathematics},
  volume    = {62},
  number    = {3},
  pages     = {548--564},
  year      = {1955},
  publisher = {Annals of Mathematics},
  doi       = {10.2307/1970079}
}

@article{BerryTabor1977,
  author    = {M. V. Berry and M. Tabor},
  title     = {Level clustering in the regular spectrum},
  journal   = {Proceedings of the Royal Society of London. A. Mathematical and Physical Sciences},
  volume    = {356},
  number    = {1686},
  pages     = {375--394},
  year      = {1977},
  publisher = {The Royal Society},
  doi       = {10.1098/rspa.1977.0140}
}
