@article{delacruz_2020_quantum,
  title = {Quantum Chaos in a System with High Degree of Symmetries},
  author = {family=Cruz, given=Javier, prefix=de la, useprefix=true and Lerma-Hernández, Sergio and Hirsch, Jorge G.},
  date = {2020-09-08},
  journaltitle = {Physical Review E},
  shortjournal = {Phys. Rev. E},
  volume = {102},
  number = {3},
  pages = {032208},
  publisher = {American Physical Society},
  doi = {10.1103/PhysRevE.102.032208},
  url = {https://link.aps.org/doi/10.1103/PhysRevE.102.032208},
  keywords = {@bose-hubbard,@correlation hole,@quantum chaos,@survival probability,@symmetries}
}

@article{engel_1998_higherorder,
  title = {Higher-Order Energy Level Spacing Distributions in the Transition Region between Regularity and Chaos},
  author = {Engel, D. and Main, J. and Wunner, G.},
  date = {1998-08},
  journaltitle = {Journal of Physics A: Mathematical and General},
  shortjournal = {J. Phys. A: Math. Gen.},
  volume = {31},
  number = {33},
  pages = {6965},
  issn = {0305-4470},
  doi = {10.1088/0305-4470/31/33/007},
  url = {https://doi.org/10.1088/0305-4470/31/33/007},
  keywords = {@higher order spacings}
}

@article{martinez-azcona_2025_decomposing,
  title = {Decomposing the Spectral Form Factor},
  author = {Martinez-Azcona, Pablo and Shir, Ruth and Chenu, Aurélia},
  date = {2025-04-07},
  journaltitle = {Physical Review B},
  shortjournal = {Phys. Rev. B},
  volume = {111},
  number = {16},
  pages = {165108},
  issn = {2469-9950, 2469-9969},
  doi = {10.1103/PhysRevB.111.165108},
  url = {https://link.aps.org/doi/10.1103/PhysRevB.111.165108}
}

@article{pausch_2022_optimal,
  title = {Optimal Route to Quantum Chaos in the {{Bose}}–{{Hubbard}} Model},
  author = {Pausch, Lukas and Buchleitner, Andreas and Carnio, Edoardo G and Rodríguez, Alberto},
  date = {2022-07},
  journaltitle = {Journal of Physics A: Mathematical and Theoretical},
  shortjournal = {J. Phys. A: Math. Theor.},
  volume = {55},
  number = {32},
  pages = {324002},
  publisher = {IOP Publishing},
  issn = {1751-8121},
  doi = {10.1088/1751-8121/ac7e0b},
  url = {https://doi.org/10.1088/1751-8121/ac7e0b},
  keywords = {@bose-hubbard,@quantum chaos}
}

@online{rout_2025_higherorder,
  title = {Higher-Order Spacings in the Superposed Spectra of Random Matrices with Comparison to Spacing Ratios and Application to Complex Systems},
  author = {Rout, Sashmita and Bhosale, Udaysinh T.},
  date = {2025-10-01},
  eprint = {2510.00503},
  eprinttype = {arXiv},
  eprintclass = {physics},
  doi = {10.48550/arXiv.2510.00503},
  url = {http://arxiv.org/abs/2510.00503},
  pubstate = {prepublished},
  keywords = {@higher order spacings,@higher-order spectral statistics,@kth order spacings,@rmt}
}

@article{tekur_2020_symmetry,
  title = {Symmetry Deduction from Spectral Fluctuations in Complex Quantum Systems},
  author = {Tekur, S. Harshini and Santhanam, M. S.},
  date = {2020-09-09},
  journaltitle = {Physical Review Research},
  shortjournal = {Phys. Rev. Res.},
  volume = {2},
  number = {3},
  pages = {032063},
  publisher = {American Physical Society},
  doi = {10.1103/PhysRevResearch.2.032063},
  url = {https://link.aps.org/doi/10.1103/PhysRevResearch.2.032063},
  keywords = {-read,@desymmetrization,@higher-order spectral statistics,@kth order r's,@level spacing ratios,@P(r),@quantum chaos,quantum chaos,rmt}
}
